@book{Witten2005,
  author = {Ian H. Witten and Eibe Frank},
  edition = 2,
  interhash = {6d7648942e58f322a39a1e8c37edfec6},
  intrahash = {16fd3337691d77f80c5b8c986691142a},
  publisher = {Morgan Kaufmann},
  title = {Data Mining: Practical machine learning tools and techniques},
  year = 2005,
  timestamp = {2011-03-13 09:07:41},
  username = {lantiq},
  keywords = {language NLP},
  intrahash = {16fd3337691d77f80c5b8c986691142a},
  added-at = {2011-03-14T01:07:41.000+0100},
  interhash = {6d7648942e58f322a39a1e8c37edfec6},
  biburl = {http://www.bibsonomy.org/bibtex/216fd3337691d77f80c5b8c986691142a/lantiq},
  groups = {public}
}

@inproceedings{Dourish:2004:WTW:970983.970985,
 author = {Paul Dourish},
 title = {What we talk about when we talk about context},
 journal = {Personal Ubiquitous Comput.},
 volume = {8},
 issue = {1},
 month = {February},
 year = {2004},
 issn = {1617-4909},
 pages = {19--30},
 numpages = {12},
 url = {http://dx.doi.org/10.1007/s00779-003-0253-8},
 doi = {http://dx.doi.org/10.1007/s00779-003-0253-8},
 acmid = {970985},
 publisher = {Springer-Verlag},
 address = {London, UK},
 keywords = {Context-aware computing, Ethnomethodology},
} 

@inproceedings{context:mobasher,
  author    = {Bamshad Mobasher},
  title     = {Contextual User Modeling for Recommendation},
  booktitle = {RecSys'10: Workshop on Context Aware Recommender Systems
(CARS-2010)},
  address = {Barcelona, Spain},
  year      = {2010}
}

@article{Palmisano:2008,
 author = {Palmisano, Cosimo and Tuzhilin, Alexander and Gorgoglione, Michele},
 title = {Using Context to Improve Predictive Modeling of Customers in Personalization Applications},
 journal = {IEEE Trans. on Knowl. and Data Eng.},
 volume = {20},
 issue = {11},
 month = {November},
 year = {2008},
 issn = {1041-4347},
 pages = {1535--1549},
 numpages = {15},
 url = {http://portal.acm.org/citation.cfm?id=1444380.1444391},
 doi = {10.1109/TKDE.2008.110},
 acmid = {1444391},
 publisher = {IEEE Educational Activities Department},
 address = {Piscataway, NJ, USA},
 keywords = {Data mining, Personalization, Context, Predictive modeling, User modeling},
} 

@inproceedings{context:custbehavior,
  author    = {S. Lombardi and S.S. Anand and
               M. Gorgoglione},
  title     = {Context and Customer Behavior in Recommendation},
  booktitle     = {RecSys'09 workshop 3: workshop on context-aware     systems (CARS-2009)},
  year      = {2009}
}

@ARTICLE{Deshpande04itembased,
    author = {Mukund Deshpande and George Karypis},
    title = {Item Based Top-N Recommendation Algorithms},
    journal = {ACM Transactions on Information Systems},
    year = {2004},
    volume = {22},
    pages = {143--177}
}

@inproceedings{context:timedep,
  author    = {Linas Baltrunas and
               Xavier Amatriain},
  title     = {Towards Time-Dependant Recommendation based on
Implicit Feedback},
  booktitle     = {RecSys'09 workshop 3: workshop on context-aware     systems (CARS-2009)},
  year      = {2009}
}

@inproceedings{hahsler:GeyerSchulz2002d,
  author = {Andreas Geyer-Schulz and Michael Hahsler},
  title = {Evaluation of Recommender Algorithms for an Internet Information
	Broker based on Simple Association Rules and on the Repeat-Buying
	Theory},
  booktitle = {Fourth WEBKDD Workshop: Web Mining for Usage Patterns \& User Profiles},
  year = {2002},
  editor = {Brij Masand and Myra Spiliopoulou and Jaideep Srivastava and Osmar
	R. Zaiane},
  pages = {100--114},
  address = {Edmonton, Canada},
  month = jul,  
  pdf = {http://michael.hahsler.net/research/recomm_webkdd2002/final/webkdd2002.pdf}
}

@inproceedings{Sheikh:2007:MSQ:1263543.1263826,
 author = {Sheikh, Kamran and Wegdam, Maarten and van Sinderen, Marten},
 title = {Middleware Support for Quality of Context in Pervasive Context-Aware Systems},
 booktitle = {Proceedings of the Fifth IEEE International Conference on Pervasive Computing and Communications Workshops},
 series = {PERCOMW '07},
 year = {2007},
 isbn = {0-7695-2788-4},
 pages = {461--466},
 numpages = {6},
 url = {http://dx.doi.org/10.1109/PERCOMW.2007.81},
 doi = {http://dx.doi.org/10.1109/PERCOMW.2007.81},
 acmid = {1263826},
 publisher = {IEEE Computer Society},
 address = {Washington, DC, USA},
} 

@inproceedings { usefulrec127,
	title = {Making Recommendations Better: An Analytic Model for Human-Recommender Interaction},
	booktitle = {ACM SIGCHI Conference on Human Factors in Computing Systems},
	year = {2006},
	month = {28/04/2007},
	pages = {1103-1108},
	publisher = {ACM},
	organization = {ACM},
	address = {Montréal, Québec, Canada},
	ISBN = {1-59593-298-4},
	URL = {http://www.grouplens.org/papers/pdf/mcnee-chi06-hri.pdf},
	author = {S.M. McNee and  J. Riedl and  J.A. Konstan}
}

@inproceedings{Lathia:2010:TDR:1835449.1835486,
 author = {Lathia, Neal and Hailes, Stephen and Capra, Licia and Amatriain, Xavier},
 title = {Temporal diversity in recommender systems},
 booktitle = {Proceeding of the 33rd international ACM SIGIR conference on Research and development in information retrieval},
 series = {SIGIR '10},
 year = {2010},
 isbn = {978-1-4503-0153-4},
 location = {Geneva, Switzerland},
 pages = {210--217},
 numpages = {8},
 url = {http://doi.acm.org/10.1145/1835449.1835486},
 doi = {http://doi.acm.org/10.1145/1835449.1835486},
 acmid = {1835486},
 publisher = {ACM},
 address = {New York, NY, USA},
 keywords = {evaluation, recommender systems},
} 

@incollection{AmatriainJOP11,
  author    = {Xavier Amatriain and
               Alejandro Jaimes and
               Nuria Oliver and
               Josep M. Pujol},
  title     = {Data Mining Methods for Recommender Systems},
  booktitle = {Recommender Systems Handbook},
  year      = {2011},
  pages     = {39-71},
  publisher = {Springer Science+Business Media}
}

@article{hahsler:Hahsler2007c,
  author = {Michael Hahsler and Kurt Hornik},
  title = {New Probabilistic Interest Measures for Association Rules},
  journal = {Intelligent Data Analysis},
  year = {2007},
  volume = {11},
  number = {5},
  pages = {437--455},
  issn = {1088-467X},
  url = {http://iospress.metapress.com/openurl.asp?genre=article&issn=1088-467X&volume=11&issue=5&spage=437},
  pdf = {http://michael.hahsler.net/research/hyperConfidence_IDA2007/hyperConfidence.pdf}
}
@incollection{hahsler:Geyer-Schulz2003e,
  author = {Andreas Geyer-Schulz and Michael Hahsler},
  title = {Comparing two Recommender Algorithms with the Help of Recommendations
	by Peers},
  booktitle = {WEBKDD 2002 - Mining Web Data for Discovering Usage Patterns and
	Profiles 4th International Workshop, Edmonton, Canada, July 2002,
	Revised Papers},
  publisher = {Springer-Verlag},
  year = {2003},
  editor = {O.R. Zaiane and J. Srivastava and M. Spiliopoulou and B. Masand},
  series = {Lecture Notes in Computer Science LNAI 2703},
  pages = {137--158},
  note = {(Revised version of the WEBKDD 2002 paper ``Evaluation of Recommender
          Algorithms for an Internet Information Broker based on Simple
          Association Rules and on the Repeat-Buying Theory'')},
  pdf = {http://michael.hahsler.net/research/recomm_lnai2002/lnai2002.pdf},
  url = {http://www.springeronline.com/sgw/cda/frontpage/0,10735,5-146-22-14095354-0,00.html}
}


@INPROCEEDINGS{Böhm01repeat-buyingtheory,
    author = {W. Böhm and A. Geyer-schulz and M. Hahsler and M. Jahn and Informationsdienste Und Elektronische Märkte and Universität Karlsruhe (th},
    title = {Repeat-Buying Theory and Its Application for Recommender Services},
    booktitle = {In: Opitz, O. (Ed.): Studies in Classification, Data Analysis, and Knowledge Organization},
    year = {2001},
    publisher = {Springer}
}

@inproceedings{Adomavicius:2008:CRS:1454008.1454068,
 author = {Adomavicius, Gediminas and Tuzhilin, Alexander},
 title = {Context-aware recommender systems},
 booktitle = {Proceedings of the 2008 ACM conference on Recommender systems},
 series = {RecSys '08},
 year = {2008},
 isbn = {978-1-60558-093-7},
 location = {Lausanne, Switzerland},
 pages = {335--336},
 numpages = {2},
 url = {http://doi.acm.org/10.1145/1454008.1454068},
 doi = {http://doi.acm.org/10.1145/1454008.1454068},
 acmid = {1454068},
 publisher = {ACM},
 address = {New York, NY, USA},
 keywords = {collaborative filtering, contextual information, personalization, recommender systems, tutorial},
} 

@article{Adomavicius:2005:ICI:1055709.1055714,
 author = {Adomavicius, Gediminas and Sankaranarayanan, Ramesh and Sen, Shahana and Tuzhilin, Alexander},
 title = {Incorporating contextual information in recommender systems using a multidimensional approach},
 journal = {ACM Trans. Inf. Syst.},
 volume = {23},
 issue = {1},
 month = {January},
 year = {2005},
 issn = {1046-8188},
 pages = {103--145},
 numpages = {43},
 url = {http://doi.acm.org/10.1145/1055709.1055714},
 doi = {http://doi.acm.org/10.1145/1055709.1055714},
 acmid = {1055714},
 publisher = {ACM},
 address = {New York, NY, USA},
 keywords = {Recommender systems, collaborative filtering, context-aware recommender systems, multidimensional data models, multidimensional recommender systems, personalization, rating estimation},
} 


@INPROCEEDINGS{norhav01,
    author = {Norha M. Villegas and Hausi A. Muller and Joanna Ng and Alex Lau},
    title = {Managing Dynamic Context to Enable User-Driven Web Integration in the Personal Web},
    booktitle = {Pre-proceedings of the 1st Symposium on the Personal Web},
    address = {IBM Center for Advanced Studies Lab, Toronto, Ontario, Canada},
    year = {2010}
}

@inproceedings{norhav02,
  author    = {Norha M. Villegas and
               Hausi A. M{\"u}ller},
  title     = {Managing Dynamic Context to Optimize Smart Interactions
               and Services},
  booktitle = {The Smart Internet},
  year      = {2010},
  pages     = {289-318},
  ee        = {http://dx.doi.org/10.1007/978-3-642-16599-3_18}
}

﻿@article {multilevelstats,
   author = {Duncan, Terry E. and Duncan, Susan C. and Okut, Hayrettin and Strycker, Lisa A. and Hix-Small, Hollie},
   title = {A Multilevel Contextual Model of Neighborhood Collective Efficacy},
   journal = {American Journal of Community Psychology},
   publisher = {Springer Netherlands},
   issn = {0091-0562},
   keyword = {Behavioral Science},
   pages = {245-252},
   volume = {32},
   issue = {3},
   url = {http://dx.doi.org/10.1023/B:AJCP.0000004745.90888.af},
   note = {10.1023/B:AJCP.0000004745.90888.af},
   year = {2003}
}

@inproceedings{cremonesi:eval,
 author = {Paolo Cremonesi and Roberto Turrin and Eugenio Lentini and Matteo Matteucci
},
 title = {An Evaluation Methodology for Collaborative Recommender Systems},
 booktitle = {Proceedings of the IEEE International Conference on Automated solutions for Cross Media Content and Multi-channel Distribution},
 series = {AXMEDIS},
 year = {2008},
 isbn = {978-0-7695-3406-0},
 pages = {224--231},
 doi = {10.1109/AXMEDIS.2008.13},
 acmid = {1263826},
 publisher = {IEEE Computer Society},
 address = {Florence, Italy},
} 

@inproceedings{vallet:contextual,
  author = {David Vallet and Miriam Fernandez and Pablo Castells and Phivos Mylonas and Yannis Avrithis},
  title = {A contextual personalization approach based on ontological knowledge},
  year = {2006},
  publisher = {17th European Conference on Artificial Intelligence (ECAI 2006) - Contexts and Ontologies: Theory, Practice and Applications Workshop, Riva del Garda, Italy, 28 August 2006},
  url = {http://www.image.ece.ntua.gr/publications.php}
}

@article{Gunawardana:2009,
 author = {Gunawardana, Asela and Shani, Guy},
 title = {A Survey of Accuracy Evaluation Metrics of Recommendation Tasks},
 journal = {Journal of Machine Learning Research},
 volume = {10},
 month = {December},
 year = {2009},
 issn = {1532-4435},
 pages = {2935--2962},
 numpages = {28},
 url = {http://portal.acm.org/citation.cfm?id=1577069.1755883},
 acmid = {1755883},
 publisher = {JMLR.org},
} 

@article{HernandezdelOlmo2008,
  author = {F\'{e}lix Hern\'{a}ndez del Olmo and Elena Gaudioso},
  interhash = {da143ebebf3295f237a5056257262ecd},
  intrahash = {554934b457cf5c4fc50a62583940781b},
  journal = {Expert Systems with Applications},
  number = 3,
  pages = {790 - 804},
  title = {Evaluation of recommender systems: A new approach},
  url = {http://www.sciencedirect.com/science/article/B6V03-4P8GWW3-4/2/db1d05746f797b26296dfa2eef75c15e},
  volume = 35,
  year = 2008,
  keywords = {Evaluation},
  added-at = {2009-07-02T16:04:15.000+0200},
  issn = {0957-4174},
  biburl = {http://www.bibsonomy.org/bibtex/2554934b457cf5c4fc50a62583940781b/maida},
  doi = {DOI: 10.1016/j.eswa.2007.07.047},
  
}

@inproceedings{aciar:metrics,
 author = {Silvana Aciar and Josep Lluis de la Rosa and Josefina L\'{o}pez Herrera},
 title = {Information Sources Selection Methodology for Recommender Systems
Based on Intrinsic Characteristics and Trust Measure},
 year = {2007},
 publisher = {Association for the Advancement of Artificial Intelligence}
}

@inproceedings{ncnee:accuracy,
  author    = {Sean M. McNee and
               John Riedl and
               Joseph A. Konstan},
  title     = {Being accurate is not enough: how accuracy metrics have
               hurt recommender systems},
  booktitle = {CHI Extended Abstracts},
  year      = {2006},
  pages     = {1097-1101},
  ee        = {http://doi.acm.org/10.1145/1125451.1125659}
}

@inproceedings{ge:beyondaccuracy,
 author = {Mouzhi Ge and Carla Delgado-Battenfeld and  Dietmar Jannach},
 title = {Beyond accuracy: evaluating recommender systems by coverage and serendipity},
 booktitle = {Proceedings of the fourth ACM conference on Recommender systems},
 series = {RecSys '10},
 year = {2010},
 isbn = {978-1-60558-906-0},
 location = {Barcelona, Spain},
 pages = {257--260},
 numpages = {4},
 url = {http://doi.acm.org/10.1145/1864708.1864761},
 doi = {http://doi.acm.org/10.1145/1864708.1864761},
 acmid = {1864761},
 publisher = {ACM},
 address = {New York, NY, USA},
 keywords = {coverage, evaluation metric, recommender system, serendipity},
} 

@inproceedings{fouss:evaluation,
author = {Francois Fouss and Marco Saerens},
title = {Evaluating Performance of Recommender Systems: An Experimental Comparison},
journal ={Web Intelligence and Intelligent Agent Technology, IEEE/WIC/ACM International Conference on},
volume = {1},
isbn = {978-0-7695-3496-1},
year = {2008},
pages = {735-738},
doi = {http://doi.ieeecomputersociety.org/10.1109/WIIAT.2008.252},
publisher = {IEEE Computer Society},
address = {Los Alamitos, CA, USA},
}

@inproceedings{pu:evaluation,
 author = {Pearl Pu and Li Chen},
 title = {A User-Centric Evaluation Framework of Recommender Systems},
 booktitle = {Proceedings of the ACM RecSys 2010 Workshop on User-Centric Evaluation of Recommender Systems and Their Interfaces},
 journal = {UCERSTI},
 year = {2010},
 publisher = {CEUR-WS},
 address = {Barcelona, Spain}
}

@inproceedings{McLaughlin:eval,
 author = {McLaughlin, Matthew R. and Herlocker, Jonathan L.},
 title = {A collaborative filtering algorithm and evaluation metric that accurately model the user experience},
 booktitle = {Proceedings of the 27th annual international ACM SIGIR conference on Research and development in information retrieval},
 series = {SIGIR '04},
 year = {2004},
 isbn = {1-58113-881-4},
 location = {Sheffield, United Kingdom},
 pages = {329--336},
 numpages = {8},
 url = {http://doi.acm.org/10.1145/1008992.1009050},
 doi = {http://doi.acm.org/10.1145/1008992.1009050},
 acmid = {1009050},
 publisher = {ACM},
 address = {New York, NY, USA},
 keywords = {algorithms, collaborative filtering, evaluation, machine learning, mean absolute error, nearest neighbor, precision, recommender systems},
} 


@inproceedings{kearney:semantic,
 author = {Patricia Kearney and Mary Shapcott and Sarabjot S. Anand and David Patterson},
 title = {Evaluating the Use of Semantics in Collaborative Recommender Systems: A User Study},
 booktitle = {Intelligent Techniques for Web Personalization and Recommender Systems in E-Commerce Technical Report WS-07-0},
 year = {2007},
 
}

@inproceedings{kdml6,  
  author = {Artus Krohn-Grimberghe and Alexandros Nanopoulos and Lars Schmidt-Thieme},
  title = {A Novel Multidimensional Framework for Evaluating Recommender Systems},
  address = {Kassel, Germany},  
  booktitle = {Proceedings of LWA2010 - Workshop-Woche: Lernen, Wissen {\&} Adaptivitaet},
  editor = {Martin Atzmüller and Dominik Benz and Andreas Hotho and Gerd Stumme},
  year = {2010}  
}

@INPROCEEDINGS{Hayes02anon-line,
    author = {C. Hayes and P. Massa and P. Avesani and P. Cunningham},
    title = {An On-Line Evaluation Framework for Recommender Systems},
    booktitle = {In Workshop on Personalization and Recommendation in E-Commerce (Malaga},
    year = {2002},
    publisher = {Springer Verlag}
}

@ARTICLE{Dietterich98approximatestatistical,
    author = {Thomas G. Dietterich},
    title = {Approximate Statistical Tests for Comparing Supervised Classification Learning Algorithms},
    journal = {Neural Computation},
    year = {1998},
    volume = {10},
    pages = {1895--1923}
}
%%%%%%
@inproceedings{multivartest:2011,
 author = {Olcay-Taner Yildiz and Ozlem Aslan and Ethem Alpaydin},
 title = {Multivariate Statistical Tests for Comparing Classification Algorithms},
 booktitle = {Lecture Notes in Computer Science},
 year = {2011},
 publisher = {Springer Verlag},
 address = {Rome, Italy}
}

@misc{st1,
  author = "Pat Bartlein",
  title = "Data Analysis and Visualization",
  year = "2009",
  address = "Dept. Geography, Univ. Oregon, USA",
  note = {\begin{footnotesize}\url{http://geography.uoregon.edu/bartlein/old_courses/geog414f03/lectures/lec04.htm}\end{footnotesize}}
}

@misc{st2,
  author = "William M.K. Trochim ",
  title = "Research methods knowledge base",
  year = "2006",
  address = "Cornell University, USA",
  note = {\begin{footnotesize}\url{http://geography.uoregon.edu/bartlein/old_courses/geog414f03/lectures/lec04.htm}\end{footnotesize}}
}

@misc{st3,
  author = "John M. Quick",
  title = "R Tutorial Series: Summary and Descriptive Statistics",
  year = "2009",
  note = {\begin{footnotesize}\url{http://www.r-bloggers.com/r-tutorial-series-summary-and-descriptive-statistics/}\end{footnotesize}}
}

@BOOK{ staplicaciones,
AUTHOR    = {Dennis D. Wackerly and Richard L. Scheaffer and William Mendenhall}, 
TITLE     = {Estad'istica matem'atica con aplicaciones},
YEAR      = {2002},
Address   = {M'exico},
Edition   = {6},
}

@misc{elderly01,
  author = "Hilary Browne",
  title = "Accessibility and Usability of Information Technology by the Elderly",
  year = "2001",
  address = "University of Maryland, College Park, USA",
  note = {\url{http://otal.umd.edu/UUGuide/hbrowne/}}
}

@misc{agessnusers,
  author = "Pingdom",
  title = "Study: Ages of social network users",
  year = "2010",
  note = {\begin{footnotesize}\url{http://royal.pingdom.com/2010/02/16/study-ages-of-social-network-users/}\end{footnotesize}}
}

@misc{cleandata,
  author = "Blanca A. Vargas-Govea",
  title = "Cleaning-the-data Python scripts",
  year = "2010",
  note = {\begin{footnotesize}\url{https://github.com/blancavg/cleaning-the-data}\end{footnotesize}}
}

@misc{bookcrossing,
  author = "Ron Hornbaker and Kaori Hornbaker and Bruce Pedersen and Heather Pedersen",
  title = "BookCrossing social network",
  year = "2001",
address = "Sandpoint, Idaho, USA",
  note = {\begin{footnotesize}\url{http://www.bookcrossing.com/}\end{footnotesize}. Fecha de consulta: 13 de Diciembre de 2010}
}

@misc{dmonlinebook,
  author = "Saed Sayad",
  title = "Data Mining Online Book",
  year = "2010",
address = "Department of Chemical Engineering and Applied Chemistry at the University of Toronto",
  note = {\begin{footnotesize}\url{http://chem-eng.utoronto.ca/~datamining/dmc/data_mining_map.htm}\end{footnotesize}. Fecha de consulta: 28 de Noviembre de 2010}
}

@misc{surfeous,
       title        = {Surfeous: prototipo para la recomendaci'on de restaurantes},
       author       = {Rafael Ponce-Medell'in},
       organization = {Centro Nacional de Investigaci'on y Desarrollo Tecnol'ogico (CENIDET)},
       address      = {Cuernavaca, Morelos},
       year         = 2010,
       note         = {\begin{footnotesize}\url{http://bit.ly/cNriRv}\end{footnotesize} Fecha de consulta: 09 de Marzo de 2012},
     }

@misc{Rproject,
       title        = {R: A Language and Environment for Statistical
                       Computing},
       author       = {{R Development Core Team}},
       organization = {R Foundation for Statistical Computing},
       address      = {Vienna, Austria},
       year         = 2010,
       note         = {\begin{footnotesize}\url{http://www.R-project.org}\end{footnotesize}},
     }

@inproceedings{Ziegler:2005,
 author = {Ziegler, Cai-Nicolas and McNee, Sean M. and Konstan, Joseph A. and Lausen, Georg},
 title = {Improving recommendation lists through topic diversification},
 booktitle = {Proceedings of the 14th international conference on World Wide Web},
 series = {WWW '05},
 year = {2005},
 isbn = {1-59593-046-9},
 location = {Chiba, Japan},
 pages = {22--32},
 numpages = {11},
 url = {http://doi.acm.org/10.1145/1060745.1060754},
 doi = {http://doi.acm.org/10.1145/1060745.1060754},
 acmid = {1060754},
 publisher = {ACM},
 address = {New York, NY, USA},
 keywords = {accuracy, collaborative filtering, diversification, metrics, recommender systems},
}

@ARTICLE{Fayyad96thekdd,
    author = {Usama Fayyad and Gregory Piatetsky-shapiro and Padhraic Smyth and Terry Widener},
    title = {The KDD Process for Extracting Useful Knowledge from Volumes of Data},
    journal = {Communications of the ACM},
    year = {1996},
    volume = {39},
    pages = {27--34}
}

@article{Herlocker04evaluatingcollaborative,
 author = {Herlocker, Jonathan L. and Konstan, Joseph A. and Terveen, Loren G. and Riedl, John T.},
 title = {Evaluating collaborative filtering recommender systems},
 journal = {ACM Transactions on Information Systems},
 volume = {22},
 number = {1},
 year = {2004},
 issn = {1046-8188},
 pages = {5--53},
 doi = {http://doi.acm.org/10.1145/963770.963772},
 publisher = {ACM},
 address = {New York, NY, USA},
 }

@mastersthesis{eemcs13083,
      howpublished = {http://eprints.eemcs.utwente.nl/13083/},
             month = {May},
             title = {Evaluating Recommender Systems -- An evaluation framework to predict user satisfaction for recommender systems in an electronic programme guide context},
              year = {2008},
       institution = {University of Twente},
  assistant_supervisors = {E. {Boertjes} and S. {Raaijmakers}},
          eprintid = {13083},
            author = {J. J. {de Wit}},
         num_pages = {107},
       supervisors = {D. {Hiemstra} and R. B. {Trieschnigg}},
   research_groups = {EWI-DB: Databases, EWI-HMI: Human Media Interaction},
  research_programs = {CTIT-NICE: Natural Interaction in Computer-mediated Environments},
            school = {University of Twente}
}

@article{almazrorecsys,
  author = {Dhoha Almazro and
               Ghadeer Shahatah and
               Lamia Albdulkarim and
               Mona Kherees and
               Romy Martinez and
               William Nzoukou},
  title = {A Survey Paper on Recommender Systems},
  journal = {CoRR},
  volume = {abs/1006.5278},
  year = {2010},
  ee = {http://arxiv.org/abs/1006.5278},
  bibsource = {DBLP, http://dblp.uni-trier.de}
}


@inproceedings{tagaware:tso,
 author = {Tso-Sutter, Karen H. L. and Marinho, Leandro Balby and Schmidt-Thieme, Lars},
 title = {Tag-aware recommender systems by fusion of collaborative filtering algorithms},
 booktitle = {SAC '08: Proceedings of the 2008 ACM symposium on Applied computing},
 year = {2008},
 isbn = {978-1-59593-753-7},
 pages = {1995--1999},
 location = {Fortaleza, Ceara, Brazil},
 doi = {http://doi.acm.org/10.1145/1363686.1364171},
 publisher = {ACM},
 address = {New York, NY, USA},
 }


@INBOOK{ recsys:nlathia,
AUTHOR = {Neal Lathia},
EDITOR = {Max Chevalier and Christine Julien and Chantal Soule-Dupuy },
TITLE = {Computing Recommendations with Collaborative Filtering},
CHAPTER = {2},
PAGES = {23-38},
PUBLISHER = {IGI Global},
YEAR = {2009},
Note = {Book: Collaborative and Social Information Retrieval and Access: Techniques for Improved User Modeling},
url = {http://www.igi-global.com/bookstore/Chapter.aspx?TitleId=6634}
}

@INBOOK{ start:candillier09,
AUTHOR = {Laurent Candillier and Kris Jack and Françoise Fessant and Frank Meyer},
EDITOR = {Max Chevalier and Christine Julien and Chantal Soule-Dupuy },
TITLE = {State-of-the-Art Recommender Systems},
CHAPTER = {1},
PAGES = {1--22},
PUBLISHER = {IGI Global},
YEAR = {2009},
Note = {Book: Collaborative and Social Information Retrieval and Access: Techniques for Improved User Modeling},
url = {http://www.igi-global.com/bookstore/Chapter.aspx?TitleId=6634}
}

@article{burke2002hybrid,
  address = {Hingham, MA, USA},
  author = {Robin Burke},
  interhash = {f40020400b8bc08adca29a987caf25d8},
  intrahash = {460b623792e13b4ec0e990563e57f26c},
  journal = {User Modeling and User-Adapted Interaction},
  number = 4,
  pages = {331--370},
  publisher = {Kluwer Academic Publishers},
  title = {Hybrid Recommender Systems: Survey and Experiments},
  url = {http://gamejam.cti.depaul.edu/~rburke/pubs/burke-umuai02.pdf},
  volume = 12,
  year = 2002,
  keywords = {hybrid recommender},
  added-at = {2010-03-03T03:22:19.000+0100},
  issn = {0924-1868},
  biburl = {http://www.bibsonomy.org/bibtex/2460b623792e13b4ec0e990563e57f26c/tchung},
  doi = {http://dx.doi.org/10.1023/A:1021240730564}
}

@misc{recsys:alban,
  author = "Alban Galland",
  title = "Recommender systems",
  month = "Marzo",
  year = "2010",
  howpublished = {Presentaci\'on disponible en: \begin{footnotesize}\url{http://alban.galland.free.fr/Documents/Enseignements/INF396/ recommendersystems-slides.pdf}\end{footnotesize}},
  note = {INRIA-Saclay. Fecha de consulta: 20 de Julio del 2010}
}

@Misc{rep1:isra,
  author = {Rafael Ponce Medell\'{i}n},
  title = {B\'usquedas contextuales de servicios basados en localizaci\'{o}n en un entorno de web social},
  note = {Reporte de avance de tesis doctoral. CENIDET. Cuernavaca, Mor.},
  month = {Diciembre},
  year = {2009}
}

@Misc{rep2:isra,
  author = {Rafael Ponce Medell\'{i}n},
  title = {B\'usquedas contextuales de servicios basados en localizaci\'{o}n en un entorno de web social},
  note = {Reporte de avance de tesis doctoral. CENIDET. Cuernavaca, Mor.},
  month = {Agosto},
  year = {2010}
}
